<collection xmlns="http://www.loc.gov/MARC21/slim">
<record>
  <leader>01613nam0a22002291i 450 </leader>
  <controlfield tag="001">IT\ICCU\CNCE\063832</controlfield>
  <controlfield tag="005">20060123000000.0</controlfield>
  <datafield tag="012" ind1=" " ind2=" ">
    <subfield code="a">m.n- n-e- o,il quru (3) 1687 (R)</subfield>
    <subfield code="2">fei</subfield>
  </datafield>
  <datafield tag="100" ind1=" " ind2=" ">
    <subfield code="a">20060119d1587        0itac0103    ba</subfield>
  </datafield>
  <datafield tag="101" ind1=" " ind2=" ">
    <subfield code="a">LAT</subfield>
  </datafield>
  <datafield tag="102" ind1=" " ind2=" ">
    <subfield code="a">IT</subfield>
  </datafield>
  <datafield tag="200" ind1="1" ind2=" ">
    <subfield code="a">Directorivm inqvisitorvm / F. Nicolai Eymerici ... ; cvm commentariis Francisci Peggnae ... ; Accessit haeresvm, rervm et verborvm multiplex, &amp; copiosissimus index</subfield>
  </datafield>
  <datafield tag="205" ind1=" " ind2=" ">
    <subfield code="a">In hac postrema editione itervm emendatvm &amp; auctum, &amp; multis litteris Apostolicis locupletatum</subfield>
  </datafield>
  <datafield tag="210" ind1=" " ind2=" ">
    <subfield code="a">Roma</subfield>
    <subfield code="c">in aedibvs Popvli Romani apud Georgium Ferrarium</subfield>
    <subfield code="d">1587</subfield>
  </datafield>
  <datafield tag="215" ind1=" " ind2=" ">
    <subfield code="a">\32!, 687, \64!, 153, \ma 157!, \7! p.</subfield>
    <subfield code="d">2? (34 cm)</subfield>
  </datafield>
  <datafield tag="300" ind1=" " ind2=" ">
    <subfield code="a">ANNULLATA  !!!!!  vedi 18450((Segn: croce8, 2croce8, A-2V8, \2V8v. bianca!, 2X8, 2Y-Z10, *4, A-I8, K8+2. - Vol. mutilo del bifoglio B4-5 (p. 23-26). Il bifoglio K4-5 (ultima serie) ripetutoe inserito nuovamente nell&apos;ultimo fasc. - Regestum. - Testo disposto su due colonne. - Triplo timbro moderno: BIBLIOTHECA SEMINARII VERVLANI. Sul dorso antica collocaz. B.4.13. - Le Litterae Apostolicae, con front. proprio, poste dopo l&apos;indice. - Forma dell&apos;intestazione dal NUC; presenti altre varianti in: Eimericus,Nicolaus \IBN!, Eymericus, Nicolaus</subfield>
  </datafield>
  <datafield tag="700" ind1=" " ind2="1">
    <subfield code="a">Eymerich,</subfield>
    <subfield code="b">Nicolas</subfield>
    <subfield code="3">IT\ICCU\CNCA\005126</subfield>
  </datafield>
  <datafield tag="790" ind1=" " ind2="1">
    <subfield code="a">Eimerico,</subfield>
    <subfield code="b">Nicols̀</subfield>
    <subfield code="3">IT\ICCU\CNCA\013979</subfield>
    <subfield code="z">Eymerich, Nicolas</subfield>
  </datafield>
  <datafield tag="790" ind1=" " ind2="1">
    <subfield code="a">Eymericus,</subfield>
    <subfield code="b">Nicolaus</subfield>
    <subfield code="3">IT\ICCU\CNCA\014634</subfield>
    <subfield code="z">Eymerich, Nicolas</subfield>
  </datafield>
  <datafield tag="790" ind1=" " ind2="1">
    <subfield code="a">Aymerich,</subfield>
    <subfield code="b">Nicolas : de</subfield>
    <subfield code="3">IT\ICCU\CNCA\014635</subfield>
    <subfield code="z">Eymerich, Nicolas</subfield>
  </datafield>
  <datafield tag="801" ind1=" " ind2="3">
    <subfield code="a">IT</subfield>
    <subfield code="b">ICCU</subfield>
    <subfield code="c">20201115</subfield>
  </datafield>
  <datafield tag="899" ind1=" " ind2=" ">
    <subfield code="a">Biblioteca Giovardiana. Veroli</subfield>
    <subfield code="1">FR0072</subfield>
    <subfield code="2">RMS G1</subfield>
  </datafield>
</record>
</collection>
